<?xml version="1.0" encoding="UTF-8"?><collection xmlns="http://www.loc.gov/MARC21/slim"><record><leader>00319nam--2200121-i-4500</leader><controlfield tag="001">000035058</controlfield><controlfield tag="002">20161230</controlfield><controlfield tag="005">20161230201040</controlfield><controlfield tag="008">060222s1000------------r-----000-0-eng-d</controlfield><datafield ind1=" " ind2=" " tag="100"><subfield code="a">Newman, F.H. And Searle, V.H.L</subfield></datafield><datafield ind1=" " ind2=" " tag="245"><subfield code="a">The general properties of mater</subfield></datafield><datafield ind1=" " ind2=" " tag="260"><subfield code="a">London, Edward Arnold, 1959. Xi+428p</subfield></datafield><datafield ind1=" " ind2=" " tag="852"><subfield code="a">15115</subfield></datafield></record></collection>